
@book{
	Chang1973Symb, 
	place={New York}, 
	title={Symbolic logic and mechanical theorem proving}, 
	publisher={Academic Press}, 
	author={Chang, Chin-Liang and Lee, Richard Char-Tung}, 
	year={1973}
}

@inproceedings{Harrison2006Float,
	title={Floating-point verification using theorem proving},
	author={Harrison, John},
	booktitle={International School on Formal Methods for the Design of Computer, Communication and Software Systems},
	pages={211--242},
	year={2006},
	organization={Springer}
}

@article{Wos1965Sos,
	title={Efficiency and completeness of the set of support strategy in theorem proving},
	author={Wos, Lawrence and Robinson, George A and Carson, Daniel F},
	journal={Journal of the ACM (JACM)},
	volume={12},
	number={4},
	pages={536--541},
	year={1965},
	publisher={ACM New York, NY, USA}
}